<record><leader>00000cas a22000007a 4500</leader><controlfield tag="001">9700001</controlfield><controlfield tag="008">830713d19091912ksuwr ne      0    0eng d</controlfield><datafield ind1=" " ind2=" " tag="010"><subfield code="a">sn 83040272 </subfield></datafield><datafield ind1=" " ind2=" " tag="040"><subfield code="a">KSH</subfield><subfield code="b">eng</subfield><subfield code="c">KSH</subfield><subfield code="d">NPT</subfield><subfield code="d">OCLCQ</subfield></datafield><datafield ind1=" " ind2=" " tag="042"><subfield code="a">msc</subfield></datafield><datafield ind1=" " ind2=" " tag="043"><subfield code="a">n-us-ks</subfield></datafield><datafield ind1="0" ind2="4" tag="245"><subfield code="a">The Fulton record.</subfield></datafield><datafield ind1=" " ind2=" " tag="260"><subfield code="a">Fulton, Kan. :</subfield><subfield code="b">Claude M. Grigsby,</subfield><subfield code="c">-1912.</subfield></datafield><datafield ind1=" " ind2=" " tag="300"><subfield code="a">v. :</subfield><subfield code="b">ill. ;</subfield><subfield code="c">54-59 cm.</subfield></datafield><datafield ind1=" " ind2=" " tag="310"><subfield code="a">Weekly</subfield></datafield><datafield ind1="0" ind2=" " tag="362"><subfield code="a">-v. 5, no. 34 (Feb. 23, 1912).</subfield></datafield><datafield ind1="1" ind2=" " tag="362"><subfield code="a">Began in 1909.</subfield></datafield><datafield ind1=" " ind2=" " tag="588"><subfield code="a">Description based on: V. 3, no. 12 (Oct. 15, 1909).</subfield></datafield><datafield ind1="1" ind2=" " tag="700"><subfield code="a">Grigsby, Claude M.</subfield></datafield><datafield ind1=" " ind2=" " tag="752"><subfield code="a">United States</subfield><subfield code="b">Kansas</subfield><subfield code="c">Bourbon</subfield><subfield code="d">Fulton.</subfield></datafield></record>